<?xml version="1.0" encoding="UTF-8"?>
<collection xmlns:xsi="http://www.w3.org/2001/XMLSchema-instance" xsi:schemaLocation="http://www.loc.gov/MARC21/slim http://www.loc.gov/standards/marcxml/schema/MARC21slim.xsd" xmlns="http://www.loc.gov/MARC21/slim">
<record>
  <leader>01738cam a2200397   4500</leader>
  <controlfield tag="001">500477</controlfield>
  <controlfield tag="003">NNC</controlfield>
  <controlfield tag="005">20150123130945.0</controlfield>
  <controlfield tag="008">860724r19601891iq            000 0 arar </controlfield>
  <datafield tag="010" ind1=" " ind2=" ">
    <subfield code="a">   68004741/NE </subfield>
  </datafield>
  <datafield tag="025" ind1=" " ind2=" ">
    <subfield code="a">PL480:UAR-3844</subfield>
  </datafield>
  <datafield tag="035" ind1=" " ind2=" ">
    <subfield code="a">(OCoLC)44625621</subfield>
  </datafield>
  <datafield tag="035" ind1=" " ind2=" ">
    <subfield code="a">(OCoLC)ocm44625621</subfield>
  </datafield>
  <datafield tag="035" ind1=" " ind2=" ">
    <subfield code="a">(CStRLIN)NYCG86-B79818</subfield>
  </datafield>
  <datafield tag="035" ind1=" " ind2=" ">
    <subfield code="9">ACE1717CU</subfield>
  </datafield>
  <datafield tag="035" ind1=" " ind2=" ">
    <subfield code="a">(NNC)500477</subfield>
  </datafield>
  <datafield tag="040" ind1=" " ind2=" ">
    <subfield code="a">DLC</subfield>
    <subfield code="c">TU</subfield>
    <subfield code="d">TU</subfield>
    <subfield code="d">CU-SB</subfield>
    <subfield code="d">CStRLIN</subfield>
    <subfield code="d">NNC</subfield>
  </datafield>
  <datafield tag="050" ind1="0" ind2=" ">
    <subfield code="a">G93</subfield>
    <subfield code="b">.I35 1960z</subfield>
  </datafield>
  <datafield tag="090" ind1=" " ind2=" ">
    <subfield code="a">G93</subfield>
    <subfield code="b">.I35 1960z</subfield>
  </datafield>
  <datafield tag="100" ind1="1" ind2=" ">
    <subfield code="a">Ibn Rustah, Aḥmad ibn ʻUmar,</subfield>
    <subfield code="d">active 9th century-10th century.</subfield>
  </datafield>
  <datafield tag="240" ind1="1" ind2="0">
    <subfield code="a">Aʻlāq al-nafīsah.</subfield>
    <subfield code="n">Mujallad 7</subfield>
  </datafield>
  <datafield tag="245" ind1="1" ind2="3">
    <subfield code="a">al-Mujallad al-sābiʻ min kitāb al-Aʻlāq al-nafīsah,</subfield>
    <subfield code="c">taṣnīf Abī ʻAlī Aḥmad ibn ʻUmar ibn Rustah.</subfield>
  </datafield>
  <datafield tag="260" ind1=" " ind2=" ">
    <subfield code="a">Laydin,</subfield>
    <subfield code="b">Maṭbaʻ Brill,</subfield>
    <subfield code="c">1891.</subfield>
    <subfield code="a">[Baghdād,</subfield>
    <subfield code="b">Yuṭlabu min Maktabat al-Muthanná,</subfield>
    <subfield code="c">196-]</subfield>
  </datafield>
  <datafield tag="300" ind1=" " ind2=" ">
    <subfield code="a">373, viii p.</subfield>
    <subfield code="c">25 cm.</subfield>
  </datafield>
  <datafield tag="490" ind1="1" ind2=" ">
    <subfield code="a">Bibliotheca geographorum Arabicorum ;</subfield>
    <subfield code="v">7</subfield>
  </datafield>
  <datafield tag="500" ind1=" " ind2=" ">
    <subfield code="a">Added t. p.: Kitâb al-aʻlâk an-nafîsa VII, auctore Abû Alî Ahmed ibn Omar ibn Rosteh; et Kitâb al-boldân, auctore Ahmed ibn abî Jakûb ibn Wâdhih al-Kâtib al-Jakûbî. Edit. secunda.</subfield>
  </datafield>
  <datafield tag="500" ind1=" " ind2=" ">
    <subfield code="a">Edited by M. J. de Goege.</subfield>
  </datafield>
  <datafield tag="500" ind1=" " ind2=" ">
    <subfield code="a">"Kitāb al-buldān, taʾlīf Aḥmad ibn Abī Yaʻqūb ibn Wāḍiḥ al-kātib al-maʻrūf bi-al-Yaʻqūbī.": p. [232]-273.</subfield>
  </datafield>
  <datafield tag="500" ind1=" " ind2=" ">
    <subfield code="a">Reprint.</subfield>
  </datafield>
  <datafield tag="650" ind1=" " ind2="0">
    <subfield code="a">Geography, Arab.</subfield>
  </datafield>
  <datafield tag="700" ind1="1" ind2=" ">
    <subfield code="a">Yaʻqūbī, Aḥmad ibn Abī Yaʻqūb,</subfield>
    <subfield code="d">-897?</subfield>
    <subfield code="t">Buldān.</subfield>
    <subfield code="f">1960.</subfield>
  </datafield>
  <datafield tag="700" ind1="1" ind2=" ">
    <subfield code="a">Goeje, M. J. de</subfield>
    <subfield code="q">(Michael Jan),</subfield>
    <subfield code="d">1836-1909.</subfield>
  </datafield>
  <datafield tag="740" ind1="0" ind2=" ">
    <subfield code="a">Aʻlāq al-nafīsah.</subfield>
  </datafield>
  <datafield tag="740" ind1="0" ind2="1">
    <subfield code="a">Kitāb al-buldān.</subfield>
  </datafield>
  <datafield tag="740" ind1="0" ind2="1">
    <subfield code="a">Buldān.</subfield>
  </datafield>
  <datafield tag="830" ind1=" " ind2="0">
    <subfield code="a">Bibliotheca geographorum Arabicorum ;</subfield>
    <subfield code="v">v. I-7.</subfield>
  </datafield>
  <datafield tag="955" ind1=" " ind2=" ">
    <subfield code="b">0315178331</subfield>
    <subfield code="d">glx</subfield>
    <subfield code="e">G93 .I35 1960z</subfield>
  </datafield>
</record>
</collection>